\bibliography{references}
{
Tutorialspoint,
    author = "N.A",
    title = "ordenador - memoria",
    url  = "https://www.tutorialspoint.com/",
    addendum = "(N.N)",
    keywords = "Memoria" \newline
}
{
\newline muycomputer,
    author = "Isidro Ros",
    title = "Memoria RAM: qué es, por qué es importante y recomendaciones",
    url  = "https://www.muycomputer.com/2018/11/04/memoria-ram-que-es-recomendaciones/#:~:text=Una%20mayor%20velocidad%20permite%20realizar,una%20diferencia%20importante%20de%20rendimiento",
    addendum = "(4 noviembre, 2018)",
    keywords = "Memoria"
}